@article{delzottismartnic,
  title={SmartNIC-based scheduling},
  author={Delzotti, Cl{\'e}ment and Barbette, Tom},
  year=2023
}

@article{derdma,
  title={RDMA-powered proxy communication},
  author={Giot, Adrien and de Neuville, Maxime and Riviere, Etienne and Rosinosky, Guillaume},
  year=2023
}

@article{higginsonreal,
  title={Real-time path-tracing denoising},
  author={Higginson, Vincent and De Vleeschouwer, Christophe and Legrand, Antoine},
  year=2023
}